[gd_scene load_steps=6 format=2]

[ext_resource path="res://Menu.gd" type="Script" id=1]
[ext_resource path="res://assets/image/btn_2.png" type="Texture" id=2]
[ext_resource path="res://assets/image/btn_1.png" type="Texture" id=3]
[ext_resource path="res://assets/image/btn_4.png" type="Texture" id=4]
[ext_resource path="res://assets/image/btn_3.png" type="Texture" id=5]

[node name="Menu" type="Control"]
anchor_right = 1.0
anchor_bottom = 1.0
script = ExtResource( 1 )
__meta__ = {
"_edit_use_anchors_": false
}

[node name="Btn_1" type="Button" parent="."]
anchor_left = 0.5
anchor_top = 0.578322
anchor_right = 0.5
anchor_bottom = 0.578322
margin_left = -546.036
margin_top = -220.5
margin_right = -232.036
margin_bottom = 105.5
rect_rotation = 0.0349931
focus_mode = 0
mouse_filter = 1
shortcut_in_tooltip = false
enabled_focus_mode = 0
flat = true
__meta__ = {
"_edit_group_": true,
"_edit_use_anchors_": true
}

[node name="TextureRect" type="TextureRect" parent="Btn_1"]
anchor_left = 0.5
anchor_top = 0.5
anchor_right = 0.5
anchor_bottom = 0.5
margin_left = -191.0
margin_top = -181.5
margin_right = 191.0
margin_bottom = 181.5
mouse_filter = 2
texture = ExtResource( 3 )

[node name="Btn_2" type="Button" parent="."]
anchor_left = 0.5
anchor_top = 0.5
anchor_right = 0.5
anchor_bottom = 0.5
margin_left = -157.0
margin_top = -221.0
margin_right = 157.0
margin_bottom = 105.0
focus_mode = 0
mouse_filter = 1
shortcut_in_tooltip = false
enabled_focus_mode = 0
flat = true
__meta__ = {
"_edit_group_": true
}

[node name="TextureRect" type="TextureRect" parent="Btn_2"]
anchor_left = 0.5
anchor_top = 0.5
anchor_right = 0.5
anchor_bottom = 0.5
margin_left = -168.0
margin_top = -190.5
margin_right = 214.0
margin_bottom = 180.5
mouse_filter = 2
texture = ExtResource( 2 )

[node name="Btn_3" type="Button" parent="."]
anchor_left = 0.5
anchor_top = 0.578322
anchor_right = 0.5
anchor_bottom = 0.578322
margin_left = 230.798
margin_top = -221.0
margin_right = 544.798
margin_bottom = 105.0
focus_mode = 0
mouse_filter = 1
shortcut_in_tooltip = false
enabled_focus_mode = 0
flat = true
__meta__ = {
"_edit_group_": true,
"_edit_use_anchors_": true
}

[node name="TextureRect" type="TextureRect" parent="Btn_3"]
anchor_left = 0.5
anchor_top = 0.5
anchor_right = 0.5
anchor_bottom = 0.5
margin_left = -208.5
margin_top = -254.5
margin_right = 204.5
margin_bottom = 180.5
mouse_filter = 2
texture = ExtResource( 5 )

[node name="Btn_4" type="Button" parent="."]
anchor_left = 0.5
anchor_top = 1.0
anchor_right = 0.5
anchor_bottom = 1.0
margin_left = -234.0
margin_top = -219.0
margin_right = 235.0
focus_mode = 0
mouse_filter = 1
shortcut_in_tooltip = false
enabled_focus_mode = 0
flat = true
__meta__ = {
"_edit_group_": true,
"_edit_use_anchors_": false
}

[node name="TextureRect" type="TextureRect" parent="Btn_4"]
anchor_left = 0.5
anchor_top = 1.0
anchor_right = 0.5
anchor_bottom = 1.0
margin_left = -448.0
margin_top = -427.0
margin_right = 458.0
mouse_filter = 2
texture = ExtResource( 4 )
[connection signal="pressed" from="Btn_1" to="." method="_on_Btn_1_pressed"]
[connection signal="pressed" from="Btn_2" to="." method="_on_Btn_2_pressed"]
[connection signal="pressed" from="Btn_3" to="." method="_on_Btn_3_pressed"]
[connection signal="pressed" from="Btn_4" to="." method="_on_Btn_4_pressed"]
